<record><leader>00000cas a22000007a 4500</leader><controlfield tag="001">20568831</controlfield><controlfield tag="008">891030d1877188upauwr ne      0    0eng d</controlfield><datafield ind1=" " ind2=" " tag="010"><subfield code="a">sn 89077330 </subfield></datafield><datafield ind1=" " ind2=" " tag="040"><subfield code="a">NPH</subfield><subfield code="b">eng</subfield><subfield code="c">NPH</subfield><subfield code="d">OCLCQ</subfield></datafield><datafield ind1=" " ind2=" " tag="042"><subfield code="a">msc</subfield></datafield><datafield ind1="0" ind2="0" tag="245"><subfield code="a">Delaware Valley advance and Hulmeville beacon.</subfield></datafield><datafield ind1=" " ind2=" " tag="260"><subfield code="a">Hulmeville, Pa. :</subfield><subfield code="b">George Harrison</subfield></datafield><datafield ind1=" " ind2=" " tag="300"><subfield code="a">v. :</subfield><subfield code="b">ill. (chiefly advertisements) ;</subfield><subfield code="c">66 cm.</subfield></datafield><datafield ind1=" " ind2=" " tag="310"><subfield code="a">Weekly</subfield></datafield><datafield ind1="1" ind2=" " tag="362"><subfield code="a">Began in 1877.</subfield></datafield><datafield ind1=" " ind2=" " tag="515"><subfield code="a">Issues for &lt;May 9, 1878-Dec. 25, 1879&gt; called also &lt;whole no. 56-141&gt;.</subfield></datafield><datafield ind1=" " ind2=" " tag="588"><subfield code="a">Description based on: No. 41 (Jan. 24, 1878).</subfield></datafield><datafield ind1=" " ind2=" " tag="752"><subfield code="a">United States</subfield><subfield code="b">Pennsylvania</subfield><subfield code="c">Bucks</subfield><subfield code="d">Hulmeville.</subfield></datafield><datafield ind1="0" ind2="0" tag="785"><subfield code="t">Delaware Valley advance (Hulmeville, Pa.)</subfield><subfield code="w">(DLC)sn 89077072</subfield></datafield></record>